@book{deleuze1992tausend,
  title={Tausend Plateaus: 2},
  author={Deleuze, G. and Guattari, F.},
  isbn={9783883960944},
  series={Kapitalismus und Schizophrenie / Gilles Deleuze; F{\'e}lix Guattari},
  year={1992},
  publisher={Merve Verlag GmbH}
}

@misc{wordstormonline,
author={Castella, J. and Sutton, C.},
title={Word Storms: Multiples of Word Clouds for Visual Comparison of Documents},
howpublished={http://groups.inf.ed.ac.uk/cup/wordstorm/wordstorm.html},
year={2013}
}

@misc{cookie,
author={DATA PROTECTION WORKING PARTY},
title = {Opinion 04/2012 on Cookie Consent Exemption},
howpublished = {http://ec.europa.eu/justice/data-protection/article-29/documentation/opinion-recommendation/files/2012/wp194\_en.pdf},
year = {2012}
}

@misc{Railsstart,
title = {Getting Started with Rails}, 
howpublished = {http://guides.rubyonrails.org/getting\_started.html}
}

@misc{Railsscale,
title = {Can Rails Scale? Absolutely!},
howpublished = {http://www.buildingwebapps.com/articles/6419-can-rails-scale-absolutely},
author = {Michael Slater}
}

@misc{dataprotect,
author = {Information Commissioner's Office},
title = {Data Protection Act},
howpublished = {http://ico.org.uk/for\_organisations/data\_protection}
}

@misc{Railsquote,
title = {Smart People Saying Nice Things},
howpublished = {http://rubyonrails.org/quotes}
}

@misc{oreilly,
title = {What Is Web 2.0},
howpublished = {http://oreilly.com/web2/archive/what-is-web-20.html},
author = {Tim O'Reilly},
year = {2005}
}

@misc{sqlite,
title = {Appropriate Uses For SQLite},
howpublished = {http://www.sqlite.org/whentouse.html},
author = {SQLite3}
}

@misc{LightBoxLink,
title = {LightBox2},
howpublished = {http://lokeshdhakar.com/projects/lightbox2/}
}

@misc{Flickr,
title = {Flickr},
howpublished = {http://www.flickr.com/photos/tags/}
}

@misc{Otherstorm,
title = {Wordstorm},
howpublished = {http://www.lonij.net/wordstorm/wordstorm.php}
}

@article{web2, 
title = {What is Web 2.0? Ideas, technologies and implications for education}
author = {Paul Anderson},
journal = {JISC Technology and Standards Watch},
year = {2007}
}

@article{DBLP, 
author = {Quim Castella and Charles A. Sutton},
title = {Word Storms: Multiples of Word Clouds for Visual Comparison of Documents},
journal = {CoRR},
volume = {abs/1301.0503}, year = {2013},
ee = {http://arxiv.org/abs/1301.0503},
bibsource = {DBLP, http://dblp.uni-trier.de} }

@article{Collocate,
author = {Beavan, D. },
year = {2008},
title = {Glimpses through the clouds: collocates in a new 
light},
journal = {Digital Humanities 2008}, 
ee = {http://eprints.gla.ac.uk/56039/1/56039.pdf},
institution = {University of Oulu}
}

@misc{RailsSec,
howpublished = {http://guides.rubyonrails.org/security.html},
author = {Rails}
}

@misc{OWASP,
author = {Open Web Application Security Project},
title = {OWASP Top Ten},
howpublished = {http://owasptop10.googlecode.com/files/OWASP\%20Top\%2010\%20-\%202013\%20-\%20RC1.pdf}
}

@article{Blob,
author = {Russell Sears, Catharine van Ingen, Jim Gray},
year = {2006},
title = {To BLOB or Not To BLOB: Large Object Storage in a Database or a Filesystem?},
ee = {http://arxiv.org/pdf/cs/0701168.pdf}
}

@misc{StoringDB,
title = {Storing Images in DB},
howpublished = {http://stackoverflow.com/questions/3748/storing-images-in-db-yea-or-nay}
}

@misc{algorithm,
title = {How to Design a Wordle Algorithm},
howpublished = {http://stackoverflow.com/questions/342687/algorithm-to-implement-a-word-cloud-like-wordle},
author = {Jonathan Feinberg}
}

@misc{Infograph,
title = {Social Sharing Boosts Email CTR Up To 115\%},
author = {Hanna Andrzejewska},
howpublished = {http://blog.getresponse.com/social-sharing-boosts-email-ctr-up-to-115.html}
}

@misc{scaleRails,
title = {Can Rails Scale},
howpublished = {http://canrailsscale.com/}
}

@article{ContextPreserve,
author = {Weiwei Cui and Yingcai Wu,Shixia Liu, Furu Wei, and Michelle X. Zhou, Huamin Qu},
year = {2010},
ee = {http://research.microsoft.com/en-us/um/people/weiweicu/images/cloud.pdf},
journal = {IEEE Computer Society}
}

@unpublished{Wordstorms,
Author = {Castella, Joaquim},
Institution = {Edinburgh University},
title = {Word Storms: Multiples of Word Clouds for Document Corpora Visualization},
year = {2012}
}

@misc{Jquery,
Author = {BlueImp},
howpublished = {https://github.com/blueimp/jQuery-File-Upload}
}

@misc{ledermann,
Author = {Georg Ledermann},
howpublished = {https://github.com/ledermann/rails-settings}
}

@unpublished{Lecture1,
  Author = {Komura, Taku},
  Institution = {Edinburgh University},
  Howpublished = {University Lecture},
  Title = {Lecture 1, Introduction }
}

@book{dix2004human,
  title={Human Computer Interaction},
  author={Dix, A.},
  isbn={9780130461094},
  lccn={03053665},
  url={http://books.google.co.uk/books?id=IuQxui8GHDcC},
  year={2004},
  publisher={Pearson/Prentice-Hall}
}

@article{Heer,
 author = {Heer, Jeffrey and Bostock, Michael and Ogievetsky, Vadim},
 title = {A tour through the visualization zoo},
 journal = {Commun. ACM},
 issue_date = {June 2010},
 volume = {53},
 number = {6},
 month = jun,
 year = {2010},
 issn = {0001-0782},
 pages = {59--67},
 numpages = {9},
 url = {http://doi.acm.org/10.1145/1743546.1743567},
 doi = {10.1145/1743546.1743567},
 acmid = {1743567},
 publisher = {ACM},
 address = {New York, NY, USA},
} 

